---
---
References
==========

@article{aaronson_boson,
  link      = {https://www.scottaaronson.com/papers/optics.pdf},
  title     = {The Computational Complexity of Linear Optics},
  author    = {Scott Aaronson and Alex Arkhipov},
  field     = {quantum_computing}
}

@article{lloyd_simulators,
  link      = {http://citeseerx.ist.psu.edu/viewdoc/download?doi=10.1.1.654.7909&rep=rep1&type=pdf},
  title     = {Universal Quantum Simulators},
  author    = {Seth Lloyd},
  field     = {quantum_computing}
}

@article{Simulating Physics with Computers,
  link      = {https://people.eecs.berkeley.edu/~christos/classics/Feynman.pdf},
  title     = {Simulating Physics with Computers},
  field     = {quantum_computing},
  author    = {Richard P. Feynman}
}

@article{gorini_dynamicalsubgroups,
  link      = {http://aip.scitation.org/doi/abs/10.1063/1.522979},
  title     = {Completely Positive Dynamical Semigroups of N-level Systems},
  field     = {physics},
  author    = {Vittorio Gorini and Andrzej Kossakowski}
}

@article{wooters_cloning,
  link      = {https://www.nature.com/articles/299802a0},
  title     = {A Single Quantum Cannot be Cloned},
  field     = {physics},
  author    = {W. K. Wooters and W. H. Zurek},
  prog      = {done}
}

@article{berry_phase,
  link      = {https://michaelberryphysics.files.wordpress.com/2013/07/berry120.pdf},
  author    = {M. V. Berry, F.R.S.},
  field     = {physics},
  title     = {Quantal Phase Factors Accompanying Adiabatic Changes}
}

@article{einstein_epr,
  link      = {https://journals.aps.org/pr/abstract/10.1103/PhysRev.47.777},
  author    = {A. Einstein and  B. Podolsky and N. Rosen},
  field     = {physics},
  title     = {Can Quantum-Mechanical Description of Physical Reality Be Considered Copmlete?},
  prog      = {done}
}

@article{aharanov_escrow,
  title     = {Quantum Bit Escrow},
  link      = {https://arxiv.org/pdf/quant-ph/0004017.pdf},
  author    = {Dorit Aharonov and Amnon Ta-Shma and Umesh Vazirani and Andrew C. Yao},
  field     = {quantum_computing}
}

@article{ambainis_computingwithmixed,
  title     = {Computing with Highly Mixed States},
  link      = {https://arxiv.org/pdf/quant-ph/0003136.pdf},
  author    = {Andris Ambainis and Leonard J. Schulman and Umesh Vazirani},
  field     = {quantum_computing}
}

@article{bennett_strengthsandweaknesses,
  title     = {Strengths and Weaknesses of Quantum Computing},
  link      = {https://arxiv.org/pdf/quant-ph/9701001.pdf},
  author    = {Charles H. Bennett and Ethan Bernstein and Gilles Brassard and Umesh Vazirani},
  field     = {quantum_computing}
}

@book{aaronson_qcsd,
  title     = {Quantum Computing Since Democritus},
  author    = {Scott Aaronson},
  year      = {2013},
  link      = {https://www.scottaaronson.com/democritus/},
  prog      = {done},
  field     = {quantum_computing}
}

@article{khaneja_grape,
  title     = {Optimal Control of Coupled Spin Dynamics: Design of NMR Pulse Sequences by Gradient Ascent Algorithms},
  author    = {Navin Khaneja and Timio Reiss and Cindie Kehlet and Thomas Schlute-Herbruggen and Stephen J. Glaser},
  year      = {2005},
  link      = {http://www.sciencedirect.com/science/article/pii/S1090780704003696?via%3Dihub},
  field     = {quantum_control}
}

@book{aaronson_thesis,
  title     = {Limits on Efficient Computation in the Physical World},
  author    = {Scott Joel Aaronson},
  year      = {2000},
  link      = {https://www.scottaaronson.com/thesis.pdf},
  field     = {quantum_computing}
}

@book{vidick_thesis,
  title     = {The Complexity of Entangled Games},
  author    = {Thomas Vidick},
  year      = {2011},
  link      = {http://digitalassets.lib.berkeley.edu/etd/ucb/text/Vidick_berkeley_0028E_11907.pdf},
  field     = {quantum_computing}
}
@book{bacon_thesis,
  title     = {Decoherence, Control, and Symmetry in Quantum Computers},
  author    = {Dave Morris Bacon},
  year      = {1997},
  link      = {https://arxiv.org/pdf/quant-ph/0305025.pdf},
  field     = {quantum_computing}
}
@article{rigetti_thesis,
  title     = {Quantum Gates for Superconducting Qubits},
  author    = {Chad Rigetti},
  year      = {2006},
  link      = {http://qulab.eng.yale.edu/documents/theses/Rigetti-PhDthesis-QuantumGatesForSuperconductingQubits-Yale2009.pdf},
  field     = {quantum_computing}
}
@article{artin_1925,
  title     = {Theorie de Zopfe},
  author    = {Emil Artin},
  year      = {1925},
  field     = {mathematics}
}

@article{pauli_1940,
  title     = {The Connection Between Spin and Statistics},
  author    = {Wolfgang Pauli},
  year      = {1940},
  link      = {http://hermes.ffn.ub.es/luisnavarro/nuevo_maletin/Pauli_spin_statistics_1940.pdf},
  field     = {physics}
}

@article{artin_1947,
  title     = {Theory of Braids},
  author    = {Emil Artin},
  year      = {1947},
  link      = {https://pdfs.semanticscholar.org/3ff7/a63f58a7b04718ee449bc4f2946f6bd95802.pdf},
  field     = {mathematics}
}

@article{jordan_grad,
  title    = {Fast Quantum Algorithm for Numerical Gradient Estimation},
  author   = {Stephen P. Jordan},
  year     = {2005},
  link     = {https://arxiv.org/pdf/quant-ph/0405146.pdf},
  field    = {quantum_algorithms},
  prog     = {done}
}

@article{grover_dists,
  title   = {Creating superpositions that correspond to efficiently integrable probability distributions},
  author  = {Lov Grover and Terry Rudolph},
  year    = {2002},
  link    = {https://arxiv.org/pdf/quant-ph/0208112.pdf},
  field   = {quantum_algorithms},
  prog    = {done}
}

@article{2007_8_BrianJ.Smith,
    title  = {Photon wave functions, wave-packet quantization of light, and coherence theory},
    author = {Brian J. Smith & M. G. Raymer},
    link   = {http://arxiv.org/pdf/0708.0831v2},
    field  = {physics},
    prog = {}
}


@article{2016_10_ChristopherGranade,
    title  = {QInfer: Statistical inference software for quantum applications},
    author = {Christopher Granade & Christopher Ferrie & Ian Hincks & Steven Casagrande & Thomas Alexander & Jonathan Gross & Michal Kononenko & Yuval Sanders},
    link   = {http://arxiv.org/pdf/1610.00336v2},
    field  = {quantum_control},
    prog = {}
}


@article{2016_11_JacobBiamonte,
    title  = {Quantum Machine Learning},
    author = {Jacob Biamonte & Peter Wittek & Nicola Pancotti & Patrick Rebentrost & Nathan Wiebe & Seth Lloyd},
    link   = {http://arxiv.org/pdf/1611.09347v1},
    field  = {quantum_machine_learning},
    prog = {}
}


@article{2016_5_MarkusReiher,
    title  = {Elucidating Reaction Mechanisms on Quantum Computers},
    author = {Markus Reiher & Nathan Wiebe & Krysta M Svore & Dave Wecker & Matthias Troyer},
    link   = {http://arxiv.org/pdf/1605.03590v2},
    field  = {quantum_algorithms},
    prog = {}
}


@article{2017_12_SergioBoixo,
    title  = {Simulation of low-depth quantum circuits as complex undirected graphical models},
    author = {Sergio Boixo & Sergei V. Isakov & Vadim N. Smelyanskiy & Hartmut Neven},
    link   = {http://arxiv.org/pdf/1712.05384v2},
    field  = {quantum_algorithms},
    prog = {}
}


@article{2017_8_SergioBoixo,
    title  = {Fourier analysis of sampling from noisy chaotic quantum circuits},
    author = {Sergio Boixo & Vadim N. Smelyanskiy & Hartmut Neven},
    link   = {http://arxiv.org/pdf/1708.01875v1},
    field  = {quantum_algorithms},
    prog = {}
}


@article{2017_11_ZhangJiang,
    title  = {Quantum algorithms to simulate many-body physics of correlated fermions},
    author = {Zhang Jiang & Kevin J. Sung & Kostyantyn Kechedzhi & Vadim N. Smelyanskiy & Sergio Boixo},
    link   = {http://arxiv.org/pdf/1711.05395v2},
    field  = {quantum_algorithms},
    prog = {}
}


@article{2016_7_SergioBoixo,
    title  = {Characterizing Quantum Supremacy in Near-Term Devices},
    author = {Sergio Boixo & Sergei V. Isakov & Vadim N. Smelyanskiy & Ryan Babbush & Nan Ding & Zhang Jiang & Michael J. Bremner & John M. Martinis & Hartmut Neven},
    link   = {http://arxiv.org/pdf/1608.00263v3},
    field  = {quantum_computing},
    prog = {}
}


@article{2014_11_EdwardFarhi,
    title  = {A Quantum Approximate Optimization Algorithm},
    author = {Edward Farhi & Jeffrey Goldstone & Sam Gutmann},
    link   = {http://arxiv.org/pdf/1411.4028v1},
    field  = {quantum_algorithms},
    prog = {}
}


@article{1998_1_DanielS.Abrams,
    title  = {Nonlinear quantum mechanics implies polynomial-time solution for NP-complete and #P problems},
    author = {Daniel S. Abrams & Seth Lloyd},
    link   = {http://arxiv.org/pdf/quant-ph/9801041v1},
    field  = {quantum_computing},
    prog = {}
}


@article{2017_12_DavidC.McKay,
    title  = {Three Qubit Randomized Benchmarking},
    author = {David C. McKay & Sarah Sheldon & John A. Smolin & Jerry M. Chow & Jay M. Gambetta},
    link   = {http://arxiv.org/pdf/1712.06550v1},
    field  = {quantum_computing},
    prog = {}
}


@article{2011_3_TommasoCaneva,
    title  = {Chopped random-basis quantum optimization},
    author = {Tommaso Caneva & Tommaso Calarco & Simone Montangero},
    link   = {http://arxiv.org/pdf/1103.0855v2},
    field  = {quantum_control},
    prog = {}
}


@article{2015_7_ShaiMachnes,
    title  = {Gradient optimization of analytic controls: the route to high accuracy quantum optimal control},
    author = {Shai Machnes & David J. Tannor & Frank K. Wilhelm & Elie Ass√©mat},
    link   = {http://arxiv.org/pdf/1507.04261v1},
    field  = {quantum_control},
    prog = {}
}


@article{2015_2_ShelbyKimmel,
    title  = {Robust Calibration of a Universal Single-Qubit Gate-Set via Robust Phase Estimation},
    author = {Shelby Kimmel & Guang Hao Low & Theodore J. Yoder},
    link   = {http://arxiv.org/pdf/1502.02677v2},
    field  = {quantum_control},
    prog = {}
}


@article{2014_9_ChristopherFerrie,
    title  = {Robust and efficient in situ quantum control},
    author = {Christopher Ferrie & Osama Moussa},
    link   = {http://arxiv.org/pdf/1409.3172v2},
    field  = {quantum_control},
    prog = {}
}


@article{2009_1_F.Motzoi,
    title  = {Simple pulses for elimination of leakage in weakly nonlinear qubits},
    author = {F. Motzoi & J. M. Gambetta & P. Rebentrost & F. K. Wilhelm},
    link   = {http://arxiv.org/pdf/0901.0534v3},
    field  = {quantum_control},
    prog = {}
}


@article{2017_12_GuillaumeVerdon,
    title  = {A quantum algorithm to train neural networks using low-depth circuits},
    author = {Guillaume Verdon & Michael Broughton & Jacob Biamonte},
    link   = {http://arxiv.org/pdf/1712.05304v1},
    field  = {quantum_machine_learning},
    prog = {}
}

