@article{Reagor2018,
  doi = {10.1126/sciadv.aao3603},
  url = {https://doi.org/10.1126/sciadv.aao3603},
  year = {2018},
  month = feb,
  publisher = {American Association for the Advancement of Science ({AAAS})},
  volume = {4},
  number = {2},
  pages = {eaao3603},
  author = {Matthew Reagor and Christopher B. Osborn and Nikolas Tezak and Alexa Staley and Guenevere Prawiroatmodjo and Michael Scheer and Nasser Alidoust and Eyob A. Sete and Nicolas Didier and Marcus P. da Silva and Ezer Acala and Joel Angeles and Andrew Bestwick and Maxwell Block and Benjamin Bloom and Adam Bradley and Catvu Bui and Shane Caldwell and Lauren Capelluto and Rick Chilcott and Jeff Cordova and Genya Crossman and Michael Curtis and Saniya Deshpande and Tristan El Bouayadi and Daniel Girshovich and Sabrina Hong and Alex Hudson and Peter Karalekas and Kat Kuang and Michael Lenihan and Riccardo Manenti and Thomas Manning and Jayss Marshall and Yuvraj Mohan and William O'Brien and Johannes Otterbach and Alexander Papageorge and Jean-Philip Paquette and Michael Pelstring and Anthony Polloreno and Vijay Rawat and Colm A. Ryan and Russ Renzas and Nick Rubin and Damon Russel and Michael Rust and Diego Scarabelli and Michael Selvanayagam and Rodney Sinclair and Robert Smith and Mark Suska and Ting-Wai To and Mehrnoosh Vahidpour and Nagesh Vodrahalli and Tyler Whyland and Kamal Yadav and William Zeng and Chad T. Rigetti},
  title = {Demonstration of universal parametric entangling gates on a multi-qubit lattice},
  journal = {Science Advances}
}

@article{Caldwell2018,
  doi = {10.1103/physrevapplied.10.034050},
  url = {https://doi.org/10.1103/physrevapplied.10.034050},
  year = {2018},
  month = sep,
  publisher = {American Physical Society ({APS})},
  volume = {10},
  number = {3},
  author = {S. A. Caldwell and N. Didier and C. A. Ryan and E. A. Sete and A. Hudson and P. Karalekas and R. Manenti and M. P. da Silva and R. Sinclair and E. Acala and N. Alidoust and J. Angeles and A. Bestwick and M. Block and B. Bloom and A. Bradley and C. Bui and L. Capelluto and R. Chilcott and J. Cordova and G. Crossman and M. Curtis and S. Deshpande and T. El Bouayadi and D. Girshovich and S. Hong and K. Kuang and M. Lenihan and T. Manning and A. Marchenkov and J. Marshall and R. Maydra and Y. Mohan and W. O'Brien and C. Osborn and J. Otterbach and A. Papageorge and J.-P. Paquette and M. Pelstring and A. Polloreno and G. Prawiroatmodjo and V. Rawat and M. Reagor and R. Renzas and N. Rubin and D. Russell and M. Rust and D. Scarabelli and M. Scheer and M. Selvanayagam and R. Smith and A. Staley and M. Suska and N. Tezak and D. C. Thompson and T.-W. To and M. Vahidpour and N. Vodrahalli and T. Whyland and K. Yadav and W. Zeng and C. Rigetti},
  title = {Parametrically Activated Entangling Gates Using Transmon Qubits},
  journal = {Physical Review Applied}
}

@unpublished{APS2017,
title= {Random Quantum Circuits with Varying Topologies and Gate Sets},
author = {Anthony Polloreno and Nicholas Rubin and Robert Smith and William Zeng},
year = {2017},
note= {APS March Meeting},
URL= {http://meetings.aps.org/Meeting/MAR17/Event/293328},
}

@unpublished{SQUINT2017,
title= {Random Quantum Circuits with Varying Topologies and Gate Sets},
author = {Anthony Polloreno and Nicholas Rubin and Robert Smith and William Zeng},
year = {2017},
note= {Southwest Quantum Information and Technology (SQuInT)},
URL= {http://physics.unm.edu/SQuInT/2017/abstracts.php?person_id=493},
}

@misc{1806.08321,
Author = {C. M. Wilson and J. S. Otterbach and N. Tezak and R. S. Smith and A. M. Polloreno and Peter J. Karalekas and S. Heidel and M. Sohaib Alam and G. E. Crooks and M. P. da Silva},
Title = {Quantum Kitchen Sinks: An algorithm for machine learning on near-term quantum computers},
Year = {2018},
Eprint = {arXiv:1806.08321},
}

@misc{under_review,
Author= {A. Polloreno and K. Young},
Title= {Robustly decorrelating errors with mixed quantum gates},
Year= {2019},
note= {Under Review by Sandia National Laboratories.},
}

@misc{1901.08035,
Author = {Sabrina S. Hong and Alexander T. Papageorge and Prasahnt Sivarajah and Genya Crossman and Nicolas Dider and Anthony M. Polloreno and Eyob A. Sete and Stefan W. Turkowski and Marcus P. da Silva and Blake R. Johnson},
Title = {Demonstration of a Parametrically-Activated Entangling Gate Protected from Flux Noise},
Year = {2019},
Eprint = {arXiv:1901.08035},
}

@article{APS2019,
  title={Robust Decorrelation of Errors in Quantum Gates by Random Gate Synthesis},
  author={Polloreno, Anthony},
  journal={Bulletin of the American Physical Society},
  year={2019},
  publisher={APS}
}

@unpublished{SQUINT2020,
title= {Robustly Decorrelating Errors with Mixed Quantum Gates},
author = {Anthony Polloreno and Kevin Young},
year = {2020},
note= {Southwest Quantum Information and Technology (SQuInT)}
}
