

@article{Saffman-Quantum information with Rydberg atoms_10.1103|RevModPhys.82.2313,
  author    = "Saffman, M. and Walker, T. G. and M{{\o}}lmer, K.",
  title     = "Quantum information with Rydberg atoms",
  year      = "2010",
  journal   = "Rev. Mod. Phys.",
  volume    = "82",
  number    = "3",
  chapter   = "",
  pages     = "2313--2363",
  publisher = "American Physical Society (APS)",
  doi       = "10.1103/RevModPhys.82.2313",
  
}

@article{Lukin-Dipole Blockade and Quantum Information Processing in Mesoscopic Atomic Ensembles_10.1103|PhysRevLett.87.037901,
  author    = "Lukin, M. D. and Fleischhauer, M. and Cote, R. and Duan, L. M. and Jaksch, D. and Cirac, J. I. and Zoller, P.",
  title     = "Dipole Blockade and Quantum Information Processing in Mesoscopic Atomic Ensembles",
  year      = "2001",
  journal   = "Phys. Rev. Lett.",
  volume    = "87",
  number    = "3",
  chapter   = "",
  pages     = "",
  publisher = "American Physical Society (APS)",
  doi       = "10.1103/PhysRevLett.87.037901",
  
}

@article{Gallagher-Rydberg atoms,
  author    = "",
  title     = "",
  volume    = "",
  number    = "",
  chapter   = "",
  pages     = "",
  doi       = "",
  
}

@article{Holmlid-Rydberg matterâ€”a long-lived excited state of matter,
  author    = "",
  title     = "",
  volume    = "",
  number    = "",
  chapter   = "",
  pages     = "",
  doi       = "",
  
}



