

@article{2015-mdtraj,
  author = "Robert T. McGibbon and Kyle A. Beauchamp and Matthew P. Harrigan and Christoph Klein and Jason M. Swails and Carlos X. Hern{\'a}ndez and Christian R. Schwantes and Lee-Ping Wang and Thomas J. Lane and Vijay S. Pande",
  title  = "MDTraj: A Modern Open Library for the Analysis of Molecular Dynamics Trajectories",
  year   = "2015",
  journal = "Biophysical Journal",
  volume  = "109",
  number  = "8",
  pages   = "1528--1532",
}

@article{2013-milliseconds-folding,
  author = "Thomas J Lane and Diwakar Shukla and Kyle A Beauchamp and Vijay S Pande",
  title  = "To milliseconds and beyond: challenges in the simulation of protein folding",
  year   = "2013",
  journal = "Current Opinion in Structural Biology",
  volume  = "23",
  number  = "1",
  pages   = "58--65",
}

@article{2009-theobald-rmsd,
  author = "Pu Liu and Dimitris K. Agrafiotis and Douglas L. Theobald",
  title  = "Fast determination of the optimal rotational matrix for macromolecular superpositions",
  year   = "2009",
  journal = "Journal of Computational Chemistry",
  volume  = "",
  number  = "",
  pages   = "n/a--n/a",
}

