References
==========

@book{aaronson_thesis,
  title     = {Limits on Efficient Computation in the Physical World},
  author    = {Scott Joel Aaronson},
  year      = {2000},
  link      = {https://www.scottaaronson.com/thesis.pdf},
  field     = {quantum_computing}
}

@book{vidick_thesis,
  title     = {The Complexity of Entangled Games},
  author    = {Thomas Vidick},
  year      = {2011},
  link      = {http://digitalassets.lib.berkeley.edu/etd/ucb/text/Vidick_berkeley_0028E_11907.pdf},
  field     = {quantum_computing}
}
@book{bacon_thesis,
  title     = {Decoherence, Control, and Symmetry in Quantum Computers},
  author    = {Dave Morris Bacon},
  year      = {1997},
  link      = {https://arxiv.org/pdf/quant-ph/0305025.pdf},
  field     = {quantum_computing}
}
@article{rigetti_thesis,
  title     = {Quantum Gates for Superconducting Qubits},
  author    = {Chad Rigetti},
  year      = {2006},
  link      = {http://qulab.eng.yale.edu/documents/theses/Rigetti-PhDthesis-QuantumGatesForSuperconductingQubits-Yale2009.pdf},
  field     = {quantum_computing}
}
@article{artin_1925,
  title     = {Theorie de Zopfe},
  author    = {Emil Artin},
  year      = {1925},
  field     = {mathematics}
}
@article{pauli_1940,
  title     = {The Connection Between Spin and Statistics},
  author    = {Wolfgang Pauli},
  year      = {1940},
  link      = {http://hermes.ffn.ub.es/luisnavarro/nuevo_maletin/Pauli_spin_statistics_1940.pdf},
  field     = {physics}
}
@article{artin_1947,
  title     = {Theory of Braids},
  author    = {Emil Artin},
  year      = {1947},
  link      = {https://pdfs.semanticscholar.org/3ff7/a63f58a7b04718ee449bc4f2946f6bd95802.pdf},
  field     = {mathematics}
}

@article{jordan_grad,
  title    = {Fast Quantum Algorithm for Numerical Gradient Estimation},
  author   = {Stephen P. Jordan},
  year     = {2005},
  link     = {https://arxiv.org/pdf/quant-ph/0405146.pdf},
  field    = {quantum_algorithms}
}

@article{grover_dists,
  title   = {Creating superpositions that correspond to efficiently integrable probability distributions},
  author  = {Lov Grover, Terry Rudolph},
  year    = {2002},
  link    = {https://arxiv.org/pdf/quant-ph/0208112.pdf},
  field   = {quantum_algorithms}
}

@article{motzoi_drag,
  title  = {Simple pulses for elimination of leakage in weakly nonlinear qubits},
  author = {Felix Motzoi},
  year   = {2009},
  link   = {https://arxiv.org/pdf/0901.0534.pdf},
  field  = {quantum_control}
}
